

@article{greenwade93,
    author  = "FBI",
    title   =  "{C}rime in the {U}nited {S}tates by {C}ommunity {T}ype",
    year    = "2011",
   
}


@article{ref1,
    author  = "Noah Atchison",
    title   =  "{C}ommunity {O}rganizations {H}ave {I}mportant {R}ole in {L}owering {C}rime {R}ates",
    year    = "April 20, 2018",
    journal = "Brennan Center",
    
}


@article{ref2,
    author  = "Brandon C. WelshDavid & P. Farrington",
    title   =  "Preventing Crime:
What Works for Children, Offenders, Victims and Places",
    year    = "2007",
    journal = "Springer",
    
}

@article{ref3,
    author  = "Panel Papers",
    title   =  "What Can the Federal Government Do To Decrease Crime and Revitalize Communities?",
    year    = "January 5–7, 1998",
    journal = "Research Forum",
    
}

@article{ref4,
    author  = "Dan Jasper",
    title   =  "How Community Involvement Can Reduce Crime",
    year    = "2021",
    journal = "Street Civics",
    
}
@article{ref5,
    author  = "William H. Brown, Karin A. Pfeiffer, Kerry L. McIver,Marsha Dowda,Cheryl, L. Addy, Russell R. Pate",
    title   =  "Social and Environmental Factors Associated With Preschoolers’ Nonsedentary Physical Activity",
    year    = "05 February 2009",
    journal = " Society for Research in Child Development, Inc.",
    
}

